%% This BibTeX bibliography file was created using BibDesk.
%% http://bibdesk.sourceforge.net/


%% Created for Ian Gow at 2015-04-05 09:42:21 -0400 


%% Saved with string encoding Unicode (UTF-8) 



@book{Morgan:2014vg,
	Author = {Morgan, Stephen L and Winship, Christopher},
	Date-Added = {2015-04-05 13:42:20 +0000},
	Date-Modified = {2015-04-05 13:42:20 +0000},
	Month = nov,
	Publisher = {Cambridge University Press},
	Title = {{Counterfactuals and Causal Inference}},
	Year = {2014}}

@book{Pearl:2009vo,
	Author = {Pearl, Judea},
	Date-Added = {2015-04-05 13:13:57 +0000},
	Date-Modified = {2015-04-05 13:32:09 +0000},
	Month = sep,
	Publisher = {Cambridge University Press},
	Read = {1},
	Title = {Causality: Models, Reasoning and Inference},
	Year = {2009}}

@article{Pearl:2009kh,
	Abstract = {Abstract This review presents empirical researchers with recent advances in causal inference, and stresses the paradigmatic shifts that must be undertaken in moving from traditional statistical analysis to causal analysis of multivariate data. Special emphasis is ... 
    },
	Author = {Pearl, Judea},
	Date-Added = {2015-03-12T19:37:29GMT},
	Date-Modified = {2015-03-17T20:10:01GMT},
	Doi = {10.1214/09-SS057},
	Journal = {Statistics Surveys},
	Language = {English},
	Number = {0},
	Pages = {96--146},
	Publisher = {The author, under a Creative Commons Attribution License},
	Rating = {0},
	Read = {Yes},
	Title = {Causal inference in statistics: An overview},
	Uri = {\url{papers3://publication/doi/10.1214/09-SS057}},
	Url = {http://projecteuclid.org/euclid.ssu/1255440554},
	Volume = {3},
	Year = {2009},
	Bdsk-Url-1 = {http://projecteuclid.org/euclid.ssu/1255440554},
	Bdsk-Url-2 = {http://dx.doi.org/10.1214/09-SS057}}
